@article{
	kapitza1948,
	title={Wave flow of a thin viscous fluid layers},
	author={P. L. Kapitza},
	journal={Zhurnal Eksperimental'noi i Teoreticheskoi Fiziki},
	volume={18},
	pages={3–18},
	year={1948}
}

@article{
	shkadov1967,
	title={Wave flow regimes of a thin layer of viscous fluid subject to gravity},
	author={V. Y. Shkadov},
	journal={Fluid Dynamics},
	volume={2},
	pages={29–34},
	year={1967}
}

@phdthesis{
	lavalle2014,
	title={Integral modeling of liquid films sheared by a gas flow},
	author={G. Lavalle},
	school={{ISAE - Institut Sup{\'e}rieur de l'A{\'e}ronautique et de l'Espace}},
	year={2014}
}

@book{
	chang2002book,
	title={Complex wave dynamics on thin films},
	author={H. C. Chang and E. A. Demekhin},
	publisher={Elsevier},
	year={2002}
}

@article{
	chang2002,
	title={Noise-driven wave transitions on a vertically falling film},
	author={H. C. Chang and E. A. Demekhin and S. S. Saprikin},
	journal={Journal of Fluid Mechanics},
	volume={462},
	pages={255–283},
	year={2002}
}

@article{
	belus2019,
	title={Exploiting locality and translational invariance to design effective deep reinforcement learning control of the 1-dimensional unstable falling liquid film},
	author={V. Belus and J. Rabault and J. Viquerat and Z. Che and E. Hachem and U. Reglade},
	journal={AIP Advances},
	volume={9},
	number={12},
	pages={125014},
	year={2019}
}

@article{
	saintvenant1871,
	title={Théorie du mouvement non permanent des eaux, avec application aux crues des rivières et a l’introduction de marées dans leurs lits},
	author={Saint-Venant, A.J.C},
	journal={Comptes Rendus des Séances de Académie des Sciences},
	volume={73},
	year={1871}
}

@article{
	berger2022,
	title={Funnel control for a moving water tank},
	author={T. Berger and M. Puche and F. L. Schwenninger},
	journal={Automatica},
	volume={135},
	pages={109999},
	year={2022}
}